3702 4672
601 88 756 195 Herba
784 88 1057 193 Britannica.
1308 137 1396 211 229

286 255 320 333 Ε
336 250 693 356 quorummeditullio
703 256 839 344 unicus,
852 251 935 342 duo,
946 253 1077 328 veltres
1097 249 1393 354 Caunrcunq

224 358 299 433 uix
308 381 448 429 manum
467 354 586 458 longi,
611 355 739 447 striati,
761 381 801 429 ac
809 351 917 428 ferme
925 351 1065 427 rotundi
1084 349 1392 434 succeffiveseexe-

156 496 164 512 ·
241 473 351 530 runt:
379 451 523 545 Qribus
546 452 610 528 alia
625 452 783 553 quaedam
814 455 1034 527 Formonn
1059 450 1229 550 praedietis
1246 459 1396 555 minora,

238 552 459 665 angustiora,
485 552 663 653 magisque
688 553 909 644 acuminata,
950 550 1051 652 digiti
1068 550 1287 627 latitudinem
1311 555 1331 629 d
1355 556 1389 630 se

238 652 387 725 invicem
406 650 581 743 distantia,
606 652 643 726 &
667 653 776 726 modo
793 676 837 725 ex
852 650 936 743 hic,
961 647 999 723 ὃ(
1023 649 1130 723 modo
1153 674 1202 747 'ex
1218 650 1275 728 illa
1290 672 1387 750 parte

239 749 494 850 provenientia,
519 774 559 823 ac
575 776 647 850 quo
663 750 804 844 altiora,
828 746 872 824 ed
890 750 1022 822 minora
1040 745 1194 824 visuntur
1208 749 1386 826 adhaeren-

238 849 305 920 tia:
331 845 498 946 Qrorum
515 846 652 924 summo
669 848 823 950 fastigio,
847 845 949 1018 spicae
965 848 1001 919 in
1018 846 1165 921 modum
1182 850 1386 924 articulatim

237 963 354 1021 tamen
380 946 437 1020 dis
456 945 534 1021 oliti
567 949 829 1040 Fnos'cunn
887 943 1053 1022 reviffime
1085 970 1125 1020 ac
1150 945 1242 1020 ardre
1264 948 1386 1022 admo·
1406 979 1526 1041 plostup

238 1043 324 1119 dum
342 972 612 1120 suisgauliculia
637 1050 859 1122 Aucusro
884 1044 1235 1118 aeserniam
1262 1044 1385 1120 menli-
1407 1059 1512 1138 quales.

240 1140 306 1217 bus
323 1141 459 1237 adnati,
484 1143 604 1219 colore
620 1143 641 1220 ὲ
665 1147 763 1220 luteo
788 1141 1009 1234 virescentes,
1034 1138 1164 1254 sexque
1180 1139 1304 1215 foliolis
1319 1145 1386 1218 mi·

211 1266 218 1271 ·
237 1241 341 1315 nimis
364 1243 578 1335 constantes,
610 1268 676 1318 nec
698 1267 769 1316 non
791 1238 993 1336 intrinsecus
1016 1237 1284 1338 longrformibus
1307 1243 1384 1340 qui·

236 1335 386 1414 busdam
404 1340 660 1441 appendiculis‚
685 1342 777 1416 utin
799 1339 934 1414 caeteris
957 1334 1155 1435 speciebus,
1180 1336 1316 1433 referti,
1332 1340 1384 1414 iir-

236 1436 439 1513 nascuntur:
473 1437 549 1538 Qii
566 1437 655 1512 dum
670 1464 733 1540 per
751 1461 879 1540 paucos
902 1436 974 1509 dies
989 1436 1118 1533 aperti,
1142 1436 1282 1510 tandem
1299 1461 1384 1510 con·

237 1535 444 1630 volvuntur,
469 1533 701 1627 marcescumt‚
735 1561 775 1611 ac
801 1536 953 1633 denique
980 1534 1182 1608 Slrrururs
1206 1532 1385 1636 quoddam

236 1635 499 1731 receptaculum
524 1635 705 1745 proclive,
726 1636 892 1708 'Lunae
926 1634 962 1705 in
983 1655 1114 1706 cornua
1127 1627 1261 1707 falcatae
1276 1633 1389 1706 modo*

135 1798 139 1803 ,
237 1728 459 1829 dispositum,
483 1733 636 1807 inleriori
659 1750 758 1832 parte
779 1730 975 1807 rotundiori
999 1753 1182 1830 parumper
1201 1729 1383 1832 purpuras·
1405 1779 1504 1841 Sem

235 1852 338 1922 cene,
362 1830 586 1931 pluribusque
609 1830 749 1929 spinulis
771 1829 866 1927 quafi
893 1827 1111 1902 molliusculis
1157 1828 1293 1922 lanum,
1319 1854 1384 1904 nec
1405 1855 1538 1923 mambae,

236 1951 309 2002 non
325 1927 527 2028 longiformi
542 1928 700 2020 cuidam,
725 1923 970 2017 crassrusculae‚
992 1923 1030 1995 &
1044 1851 1215 2022 angudosae
1230 1931 1331 2027 parti,
1344 1949 1385 2006 ut

235 2025 284 2197 {iq
299 2026 621 2101 Cannununa:
647 2026 788 2101 Semine
802 2025 978 2113 cernitur,
993 2044 1167 2095 annexum
1192 2023 1269 2121 post
1283 2028 1316 2100 se
1330 2052 1386 2102 re·

308 2139 491 2296 ulponpffl
509 2218 605 2296 hisce
617 2221 653 2295 in
667 2222 735 2295 oris
748 2214 1005 2395 diffidioribum
1027 2211 1091 2290 nisi-
1103 2213 1142 2289 in
1163 2216 1391 2319 Lapideovel.
1451 2220 1453 2225 ’

812 2347 824 2392 l

234 2318 462 2420 Ligneovase
478 2317 692 2419 plantatum,
708 2344 798 2425 acc!
826 2318 872 2393 do
880 2315 1080 2418 quodamin
1093 2311 1173 2407 loco
1199 2318 1311 2392 Sonr
1337 2319 1387 2394 sa·

236 2418 281 2493 tis
297 2414 492 2519 expolitum
502 2471 516 2512 ,
526 2475 529 2480 -
541 2417 584 2492 ad
598 2416 724 2518 justam
740 2422 973 2495 maturitatem
989 2414 1206 2584 excoquitur.
1245 2416 1392 2492 Deinde

235 2516 358 2689 ree
375 2541 524 2691 rue
539 2517 747 2717 nere,
770 2516 844 2690 n
859 2515 1393 2728 lrrmrlrtrln

234 2712 349 2789 rursus
365 2714 583 2810 mandatum,
597 2714 636 2789 &
650 2714 753 2790 cau-td
772 2712 962 2799 admodum
978 2709 1134 2782 adversus
1160 2709 1307 2786 Aenrs
1332 2737 1390 2785 1n=

237 2814 460 2988 {puppim
480 2811 744 2915 frequentesque
758 2810 887 2911 pluvias
900 2803 1039 2921 reuma
1066 2806 1245 2881 Lucum.
1266 2805 1391 2888 denua

269 2934 366 3012 pict.
601 2956 607 2969 ι
