3702 4672
413 120 415 125 ¹
555 137 709 248 Herba
736 139 1010 243 Britannica.
1275 168 1359 238 att
1380 196 1391 257 χ

312 334 315 339 ’
446 340 733 491 nonnose
780 394 1115 488 vutorttrs,

534 552 537 555 ’
716 544 819 641 'Sive
1134 610 1136 615 ,

334 726 346 741 ·
421 642 663 775 Ruuux'
695 639 1147 778 cruentemus.
1228 658 1230 663 ’

251 890 413 966 Pluribus
422 890 498 963 haec
514 893 669 984 innotuit
692 891 912 986 ΡιΑΝτΑ,
937 894 1098 993 eteneral,
1115 894 1297 994 longaevi,
1318 919 1359 969 ac

208 990 337 1090 pallido
353 989 472 1062 colore
487 986 584 1061 fusco
608 987 762 1063 obducet
786 989 920 1082 radice,
945 996 1097 1067 Fottn
1123 995 1158 1066 in
1186 995 1359 1069 Lucan
1380 1012 1466 1075 folia.

205 1087 380 1189 proferens
388 1086 508 1177 multa,
517 1085 691 1170 cauliculis
699 1088 837 1178 teneris,
844 1089 881 1159 &
893 1090 1085 1187 digitorum
1094 1109 1243 1187 quatuor
1253 1109 1359 1164 trans·

204 1187 377 1285 versorum
395 1184 657 1283 longitudinem
672 1184 748 1281 plur
765 1183 917 1257 minu-sve
933 1184 1192 1260 continentibus
1205 1186 1361 1281 nitentia,

164 1353 166 1357 ,
196 1284 339 1379 'sursum
348 1281 669 1381 crebrovetgentia,
684 1280 846 1450 pollicem
864 1281 972 1379 modo
986 1285 1114 1383 magis,
1132 1280 1361 1363 modominus
1410 1364 1415 1371 ,

199 1383 283 1471 lata,
303 1383 457 1482 digitum
473 1397 533 1452 aut
540 1381 676 1457 circiter
699 1405 745 1451 on
771 1381 907 1479 aiuxta
924 1382 1057 1456 caulem
1067 1382 1102 1454 in
1116 1381 1199 1456 duas
1207 1385 1361 1483 particu-

27 1468 30 1475 ’
63 1503 66 1508 ·
91 1532 110 1570 a
209 1482 269 1572 las,
285 1479 514 1552 auricularum
531 1476 643 1568 instar,
663 1477 743 1551 diffe
805 1469 1038 1554 ¹inobtusum
1049 1504 1253 1554 mucronem
1271 1478 1361 1555 deli·

207 1579 335 1669 nentia,
343 1578 460 1650 colore
469 1575 633 1674 superiori
649 1597 745 1673 parte
760 1580 1007 1668 atro-virentia,
1016 1578 1167 1652 inferiori
1174 1577 1256 1653 veri)
1264 1580 1360 1679 palli·

151 1690 154 1693 ’
207 1674 321 1767 diora,
338 1700 408 1749 non
416 1674 599 1774 fulgentia,
619 1676 773 1773 margine
781 1676 884 1773 plano
905 1678 1035 1767 vestita,
1050 1675 1278 1768 craffiuscula,
1295 1702 1360 1751 nec

207 1799 278 1847 non
286 1775 370 1850 ueni
379 1775 415 1846 in
423 1766 542 1846 medio
552 1771 770 1871 unicaeque
778 1775 851 1849 aliae
860 1775 1035 1849 nonnullce
1044 1775 1360 1876 cutiinternequast

121 1898 123 1901 ·
205 1867 610 1970 inhaerentesprostliunt,
619 1870 753 1944 donata.

252 1971 452 2069 Equorum
468 1966 602 2043 medio
620 1968 723 2043 Cnu
735 1994 849 2044 ntou
861 1992 907 2044 m
932 1968 1088 2043 nonnulli
1107 1968 1279 2062 unicum,
1304 1966 1360 2043 vel

83 2076 91 2093 ⁸
164 2116 168 2125 ·
209 2069 313 2140 etiam
321 2068 408 2141 duos
424 2084 672 2165 nonnunquam
681 2067 785 2162 pedes
793 2068 901 2164 longi,
909 2066 1064 2150 rotundi,
1073 2091 1257 2179 parumper
1265 2069 1361 2138 stria·

209 2164 249 2255 ti,
258 2166 412 2263 graciles,
421 2165 602 2261 viroreque
609 2183 709 2264 grato
716 2164 888 2239 herbaceo
904 2161 1063 2255 obducti,
1073 2185 1139 2234 nec
1146 2187 1218 2235 non
1225 2183 1361 2238 interne

115 2300 119 2305 ·
209 2260 604 2355 excayattseseelevana
1337 2332 1338 2335 ,

256 2356 403 2453 Qtibus
426 2362 578 2435 Fourn
604 2357 765 2459 quaedam
781 2357 843 2433 alia
860 2352 1025 2432 brevibus
1046 2356 1182 2459 petiolis
1206 2356 1362 2449 nitentia,
1382 2359 1529 2446 cauliculo
1635 2392 1638 2399 ¹

210 2456 329 2532 aelate
339 2456 504 2550 distantia,
517 2456 726 2533 &modoex
734 2459 812 2550 lule,
821 2455 1055 2531 modoexilll
1067 2477 1164 2554 parte
1175 2455 1361 2558 surgentia,
1381 2438 1538 2515 ‘ums‘fflt
1633 2490 1636 2495 >

47 2602 52 2610 ·
148 2566 166 2624 l
209 2581 356 2634 necnon
371 2555 591 2632 inferioribus
606 2558 642 2630 in
659 2553 1284 2647 acutioremmucronemdefinentia,
1310 2556 1360 2629 vi·

210 2654 332 2731 suntur
346 2680 484 2735 annena¹
512 2657 708 2752 Interquae‚
724 2673 764 2727 ut
780 2656 817 2729 ὃς
842 2654 1076 2735 Gaurion
1100 2654 1254 2745 summo,
1273 2679 1359 2726 non·

158 2792 180 2807 ·
210 2754 295 2827 nulli
312 2753 471 2829 cauliculi
480 2753 652 2827 transverti
668 2773 882 2851 promanant,
900 2752 1027 2848 quibus
1045 2751 1249 2825 articulatim
1265 2752 1362 2849 supra

194 2849 245 2925 ‘se
260 2848 569 2946 rotundaquadam·
581 2849 666 2920 serie
674 2869 834 2946 quatuor,
855 2849 1009 2945 umque,
1016 2847 1085 2940 sex,
1093 2847 1148 2921 vel
1160 2847 1242 2921 odto
1249 2872 1360 2946 paurae
1477 2872 1481 2912 1

211 2946 403 3044 gemmulae
417 2944 699 3037 rotundiusculae,
714 2874 930 3041 conjundim
953 2943 1140 3042 dispositae,
1156 2966 1259 3045 atque
1279 2943 1359 3024 bre·

202 3045 537 3120 'uflimisfilamentis'
553 3046 721 3137 nitentes,
743 3059 783 3118 ac
807 3045 885 3118 Mn
897 3069 941 3140 Jr
967 3040 1089 3116 mensu
1106 3042 1223 3117 medio
1238 3062 1360 3141 prove·

208 3145 355 3233 nientes,
367 3142 543 3217 a'dhaerere
560 3144 833 3241 conspiciumur:
860 3141 955 3238 Qut
974 3141 1059 3214 dum
1076 3138 1264 3214 succeffivae
1279 3163 1360 3237 ape*-

205 3244 356 3333 riuntur‚
379 3240 622 3339 Fnosount
647 3240 773 3339 pusilli,
786 3241 903 3314 colore
912 3240 1049 3330 virides,
1065 3238 1235 3313 rubedine
1245 3258 1361 3310 tamen
1380 3258 1503 3320 Flosculi.

82 3384 84 3387 ·
204 3340 453 3435 illisimmixtai,
471 3332 686 3414 sexnumero
703 3337 893 3441 perpusillis
910 3358 1013 3437 atque
1032 3338 1222 3423 tenerrimis
1238 3335 1361 3408 foliolis

205 3432 415 3530 constanter,
432 3463 584 3511 necnon
600 3436 788 3511 duodecim
806 3440 941 3510 interna
966 3435 1193 3534 appendicula
1215 3432 1360 3534 pallido-

205 3535 311 3629 lutea,
318 3538 466 3639 atquein
474 3535 751 3612 extremitatibus
766 3535 985 3611 rubescentia
1004 3532 1195 3641 poffidere,
1210 3556 1361 3623 cernun-

209 3652 277 3709 tur.
365 3645 418 3659 ‘¹
525 3684 528 3689 ,
796 3679 799 3684 -
855 3652 866 3669 ·

254 3726 400 3824 Quibus
410 3730 535 3806 deinde
543 3756 604 3832 per
613 3732 827 3831 paucosdies
835 3734 974 3833 apertis,
992 3732 1055 3806 tria
1073 3729 1130 3804 illa
1145 3750 1298 3805 extrema
1306 3726 1359 3799 fo-

143 3920 146 3926 .
205 3827 284 3902 liola
294 3828 422 3903 sursum
432 3828 663 3920 incurvantur,
680 3857 720 3904 ac
736 3831 876 3905 tandem
891 3831 1123 3919 marcescunt:
1150 3830 1300 3925 Reliqua
1307 3827 1360 3897 in·

199 3929 312 4007 ,terim
331 3928 396 4003 tria
411 3952 483 4003 non
499 3929 610 4011 solum
629 3928 739 4009 vivida
745 3951 1122 4101 permanentsterum
1139 3929 1239 4092 etiarp
1253 3944 1361 4091 lgran·
1421 3916 1430 3950 ⁶
1547 3962 1551 3969 ·

786 4051 851 4118 e3
1175 4036 1178 4041 ’
1233 4035 1363 4107 ecunt,
